<record><leader>00000cas a22000007a 4500</leader><controlfield tag="001">24611060</controlfield><controlfield tag="008">911023d19031904ncuwr ne      0    0eng d</controlfield><datafield ind1=" " ind2=" " tag="010"><subfield code="a">sn 91068190 </subfield></datafield><datafield ind1=" " ind2=" " tag="040"><subfield code="a">NVJ</subfield><subfield code="b">eng</subfield><subfield code="c">NVJ</subfield><subfield code="d">OCLCQ</subfield></datafield><datafield ind1=" " ind2=" " tag="042"><subfield code="a">msc</subfield></datafield><datafield ind1="0" ind2=" " tag="130"><subfield code="a">Weekly argus (Lumberton, N.C.)</subfield></datafield><datafield ind1="1" ind2="4" tag="245"><subfield code="a">The weekly argus.</subfield></datafield><datafield ind1=" " ind2=" " tag="260"><subfield code="a">Lumberton, N.C. :</subfield><subfield code="b">O.J. Peterson</subfield></datafield><datafield ind1=" " ind2=" " tag="300"><subfield code="a">v.</subfield></datafield><datafield ind1=" " ind2=" " tag="310"><subfield code="a">Weekly</subfield></datafield><datafield ind1="0" ind2=" " tag="362"><subfield code="a">Vol. 4, no. 1 (July 9, 1903)-v. 4, no. 24 (Dec. 17, 1903) ; new ser. v. 1, no. 1 (Dec. 24, 1903)-new ser. v. 1, no. 13 (Mar. 17, 1904).</subfield></datafield><datafield ind1=" " ind2=" " tag="752"><subfield code="a">United States</subfield><subfield code="b">North Carolina</subfield><subfield code="c">Robeson</subfield><subfield code="d">Lumberton.</subfield></datafield><datafield ind1="0" ind2="0" tag="780"><subfield code="t">Argus (Lumberton, N.C.)</subfield><subfield code="w">(DLC)sn 91068189</subfield></datafield><datafield ind1="0" ind2="0" tag="785"><subfield code="t">Lumberton argus</subfield><subfield code="w">(DLC)sn 91068691</subfield></datafield></record>